<?xml version="1.0" encoding="UTF-8"?><collection xmlns="http://www.loc.gov/MARC21/slim"><record><leader>00382nam--2200133-i-4500</leader><controlfield tag="001">000010719</controlfield><controlfield tag="002">20161230</controlfield><controlfield tag="005">20161230201028</controlfield><controlfield tag="008">060222s1000------------r-----000-0-eng-d</controlfield><datafield ind1=" " ind2=" " tag="080"><subfield code="a">541.124:547</subfield></datafield><datafield ind1=" " ind2=" " tag="100"><subfield code="a">Badea, Florin</subfield></datafield><datafield ind1=" " ind2=" " tag="245"><subfield code="a">Mecanisme de reactie in chimia organica.editia a ii-a revazuta si completata</subfield></datafield><datafield ind1=" " ind2=" " tag="260"><subfield code="a">Bucuresti, Editura Stiintifica, 1973. 731 P</subfield></datafield><datafield ind1=" " ind2=" " tag="852"><subfield code="a">39229</subfield></datafield></record></collection>